@misc{conduct-heuristic,
  author = {Jakob Nielsen},
  title = {How to Conduct a Heuristic Evaluation},
  howpublished = "\url{https://www.nngroup.com/articles/how-to-conduct-a-heuristic-evaluation/}",
  year = {1995}, 
  note = "[Online; accessed 11-February-2016]"
}
@inproceedings{nielsen1990heuristic,
  title={Heuristic evaluation of user interfaces},
  author={Nielsen, Jakob and Molich, Rolf},
  booktitle={Proceedings of the SIGCHI conference on Human factors in computing systems},
  pages={249--256},
  year={1990},
  organization={ACM}
}
@misc{10usability,
  author = {Jakob Nielsen},
  title = {10 Usability Heuristics for User Interface Design},
  howpublished = "\url{https://www.nngroup.com/articles/ten-usability-heuristics/}",
  year = {1995},
  note = "[Online; accessed 11-February-2016]"
}
@article{krahmer2004thinking,
  title={Thinking about thinking aloud: A comparison of two verbal protocols for usability testing},
  author={Krahmer, Emiel and Ummelen, Nicole},
  journal={Professional Communication, IEEE Transactions on},
  volume={47},
  number={2},
  pages={105--117},
  year={2004},
  publisher={IEEE}
}
@article{boren2000thinking,
  title={Thinking aloud: Reconciling theory and practice},
  author={Boren, Ted and Ramey, Judith},
  journal={Professional Communication, IEEE Transactions on},
  volume={43},
  number={3},
  pages={261--278},
  year={2000},
  publisher={IEEE}
}
@inproceedings{tullis2004comparison,
  title={A comparison of questionnaires for assessing website usability},
  author={Tullis, Thomas S and Stetson, Jacqueline N},
  booktitle={Usability Professional Association Conference},
  pages={1--12},
  year={2004}
}